@article{emilsson2008genetics,
  title={Genetics of gene expression and its effect on disease},
  author={Emilsson, Valur and Thorleifsson, Gudmar and Zhang, Bin and Leonardson, Amy S and Zink, Florian and Zhu, Jun and Carlson, Sonia and Helgason, Agnar and Walters, G Bragi and Gunnarsdottir, Steinunn and others},
  journal={Nature},
  volume={452},
  number={7186},
  pages={423--428},
  year={2008},
  publisher={Nature Publishing Group UK London}
}

@article{jensen1973estrogen,
  title={Estrogen-Receptor Interaction: Estrogenic hormones effect transformation of specific receptor proteins to a biochemically functional form.},
  author={Jensen, Elwood V and DeSombre, Eugene R},
  journal={Science},
  volume={182},
  number={4108},
  pages={126--134},
  year={1973},
  publisher={American Association for the Advancement of Science}
}

@article{di1987erb,
  title={erb B-2 is a potent oncogene when overexpressed in NIH/3T3 cells},
  author={Di Fiore, Pier Paolo and Pierce, Jacalyn H and Kraus, Matthias H and Segatto, Oreste and King, C Richter and Aaronson, Stuart A},
  journal={Science},
  volume={237},
  number={4811},
  pages={178--182},
  year={1987},
  publisher={American Association for the Advancement of Science}
}

@article{haybittle1982prognostic,
  title={A prognostic index in primary breast cancer},
  author={Haybittle, JL and Blamey, RW and Elston, CW and Johnson, Jane and Doyle, PJ and Campbell, FC and Nicholson, RI and Griffiths, K},
  journal={British journal of cancer},
  volume={45},
  number={3},
  pages={361--366},
  year={1982},
  publisher={Nature Publishing Group}
}

@article{braak1991neuropathological,
  title={Neuropathological stageing of Alzheimer-related changes},
  author={Braak, Heiko and Braak, Eva},
  journal={Acta neuropathologica},
  volume={82},
  number={4},
  pages={239--259},
  year={1991},
  publisher={Springer}
}

@article{srinivasan2020alzheimer,
  title={Alzheimerâ€™s patient microglia exhibit enhanced aging and unique transcriptional activation},
  author={Srinivasan, Karpagam and Friedman, Brad A and Etxeberria, Ainhoa and Huntley, Melanie A and van Der Brug, Marcel P and Foreman, Oded and Paw, Jonathan S and Modrusan, Zora and Beach, Thomas G and Serrano, Geidy E and others},
  journal={Cell reports},
  volume={31},
  number={13},
  year={2020},
  publisher={Elsevier}
}

@article{curtis2012genomic,
  title={The genomic and transcriptomic architecture of 2,000 breast tumours reveals novel subgroups},
  author={Curtis, Christina and Shah, Sohrab P and Chin, Suet-Feung and Turashvili, Gulisa and Rueda, Oscar M and Dunning, Mark J and Speed, Doug and Lynch, Andy G and Samarajiwa, Shamith and Yuan, Yinyin and others},
  journal={Nature},
  volume={486},
  number={7403},
  pages={346--352},
  year={2012},
  publisher={Nature Publishing Group UK London}
}

@article{meng2022outcome,
  title={Outcome-guided sparse K-means for disease subtype discovery via integrating phenotypic data with high-dimensional transcriptomic data},
  author={Meng, Lingsong and Avram, Dorina and Tseng, George and Huo, Zhiguang},
  journal={Journal of the Royal Statistical Society Series C: Applied Statistics},
  volume={71},
  number={2},
  pages={352--375},
  year={2022},
  publisher={Oxford University Press}
}